@techreport{CStd,
author = {{ISO/IEC Joint Technical Committee 1}},
institution = {The Interational Organization for Standardization/the International Electrotechnical Commission},
title = {{ISO/IEC} 9899:201x},
month = {April},
year = 2011,
url = {http://www.open-std.org/jtc1/sc22/wg14/www/docs/n1570.pdf}
}